@article{stabMixtComp,
    author = "Vincent KUBICKI",
    title = "Stabilisation de MixtComp",
    institution = "Inria",
    year = "07/2017"
}

@article{avStabMixtComp,
	author = "Vincent KUBICKI",
	title = "Avancement Stabilisation MixtComp",
	institution = "Inria",
	year = "08/2017"
}

@article{secEtapeAv,
	author = "Vincent KUBICKI",
	title = "Seconde Ã‰tape dans les Modifications de MixtComp",
	institution = "Inria",
	year = "08/2017"
}